<?xml version="1.0" encoding="UTF-8"?><collection xmlns="http://www.loc.gov/MARC21/slim"><record><leader>00400nam--2200133-i-4500</leader><controlfield tag="001">000037364</controlfield><controlfield tag="002">20161230</controlfield><controlfield tag="005">20161230201041</controlfield><controlfield tag="008">060222s1000------------r-----000-0-eng-d</controlfield><datafield ind1=" " ind2=" " tag="080"><subfield code="a">621.03.512.2(061.3)</subfield></datafield><datafield ind1=" " ind2=" " tag="245"><subfield code="a">Natural fission reactors.(les reacteurs de fission naturels)</subfield></datafield><datafield ind1=" " ind2=" " tag="260"><subfield code="a">Vienna, International Atomic Energy Agency, 1978. X + 754p</subfield></datafield><datafield ind1=" " ind2=" " tag="490"><subfield code="a">Panel Proceedings Series</subfield></datafield><datafield ind1=" " ind2=" " tag="852"><subfield code="a">44959</subfield></datafield></record></collection>